%%
%% WinShell 3.3.2.6
%% http://www.winshell.org/
%%

% Strings


% Preamble


% BibTeX Entries
@book{Buckland93,
 author               = {S.T. Buckland and D. R. Anderson and K.P. Burnham and J.L. Laake},
 date-added           = {2014-12-11 10:20:58 +0000},
 date-modified        = {2014-12-12 13:27:41 +0000},
 publisher            = {Chapman and Hall},
 title                = {Distance sampling: estimating abundance of biological populations.},
 year                 = {1993},
 }

@incollection{Burnham93,
 author               = {Burnham, K},
 booktitle            = {Marked Individuals in the Study of Bird Population},
 editor               = {Lebreton, J D and North, P},
 journal              = {Unknown Journal},
 pages                = {199-213},
 publisher            = {Birkhauser Verlag Basel / Switzerland},
 title                = {A Theory for Combined Analysis of Ring Recovery and Recapture Data},
 year                 = {1993},
 }

@incollection{Caso08,
 author               = {A. Caso and C. Lopez-Gonzalez and E. Payan and E. Eizirik and T. de Oliveira and R. Leite-Pitman and M. Kelly and C. Valderrama},
 booktitle            = {The IUCN Red List of Threatened Species.},
 journal              = {Unknown Journal},
 note                 = {Version 2013.2 (www.iucnredlist.org) Downloaded on 21 November 2013},
 title                = {Panthera Onca},
 url                  = {www.iucnredlist.org},
 year                 = {2008},
 }

@incollection{Chao05,
 author               = {Chao, A. and Huggins, R.M.},
 booktitle            = {Handbook of capture-recapture analysis},
 chapter              = {4},
 editor               = {Steven C. Amstrup and Trent L. McDonald and Bryan F. J. Manly},
 pages                = {58-87},
 publisher            = {Princeton University Press},
 timestamp            = {2013.05.27},
 title                = {Modern closed-population capture-recapture models},
 year                 = {2005},
 }

@book{Cook07,
 author               = {R.J. Cook and J.F. Lawless},
 journal              = {Unknown Journal},
 publisher            = {Springer},
 title                = {The statistical analysis of recurrent events.},
 year                 = {2007},
 }

@incollection{Efford04,
 address              = {Chipping Norton, Sydney},
 author               = {Efford, M.G. and Cowan, P.E.},
 booktitle            = {The biology of Australian possums and gliders.},
 chapter              = {39},
 editor               = {Goldingay, R.L. and Jackson, S.M.},
 journal              = {Unknown Journal},
 publisher            = {Surrey Beatty and Sons},
 title                = {Long-term population trend of the common brushtail possum Trichosurus vulpecula in the Orongorongo Valley, New Zealand.},
 year                 = {2004},
 }

@incollection{Efford09b,
 address              = {New York, USA},
 author               = {Murray G. Efford and David L. Borchers and Andrea E. Byrom},
 booktitle            = {Modeling Demographic Processes in Marked Populations},
 editor               = {D.L. Thomson and E.G. Cooch and M.J. Conroy},
 pages                = {255-269},
 publisher            = {Springer, New York},
 title                = {Density Estimation by Spatially Explicit Capture-Recapture: Likelihood-Based Methods},
 year                 = {2009},
 }

@incollection{Fewster04,
 address              = {Oxford, UK},
 author               = {R.M. Fewster and S.T. Buckland},
 booktitle            = {Advanced Distance Sampling},
 chapter              = {10},
 editor               = {S.T. Buckland and D.R. Anderson and K.P. Burnham and J.L. Laake and D.L. Borchers and L. Thomas},
 journal              = {Unknown Journal},
 pages                = {281-306},
 publisher            = {Oxford University Press},
 title                = {Assessment of distance sampling estimators.},
 year                 = {2004},
 }

@incollection{Francis09,
 affiliation          = {Canadian Wildlife Service, National Wildlife Research Centre, Environment Canada, Ottawa, ON Canada KIA OH3},
 author               = {Francis, C M and Saurola, P},
 booktitle            = {Modeling Demographic Processes In Marked Populations},
 editor               = {Thomson, D L and Cooch, E G and Conroy, M J and Patil, G P},
 isbn                 = {978-0-387-78151-8},
 pages                = {617-637},
 publisher            = {Springer US},
 series               = {Environmental and Ecological Statistics},
 title                = {Estimating Demographic Parameters from Complex Data Sets: A Comparison of Bayesian Hierarchical and Maximum-Likelihood Methods for Estimating Survival Probabilities of Tawny Owls, \emph{Strix aluco} in Finland},
 url                  = {http://dx.doi.org/10.1007/978-0-387-78151-8_27},
 volume               = {3},
 year                 = {2009},
 }

@book{Gaston03,
 address              = {Oxford},
 author               = {K.J. Gaston},
 date-added           = {2014-12-15 10:09:43 +0000},
 date-modified        = {2014-12-15 10:10:36 +0000},
 publisher            = {Oxford University Press},
 title                = {The structure and dynamics of geographic ranges.},
 year                 = {2003},
 }

@incollection{Harmsen10b,
 author               = {Bart J. Harmsen and Rebecca J. Foster and Scott C. Silver and Linde E.T. Ostro and C. Patrick Doncaster},
 booktitle            = {The Biology and Conservation of Wild Felids},
 chapter              = {18},
 editor               = {David W. MacDonald and Andrew J. Loveridge},
 journal              = {Unknown Journal},
 pages                = {403-416},
 publisher            = {Oxford University Press},
 title                = {The ecology of jaguars in the Cockscomb Basin Wildlife Sanctuary, Belize},
 year                 = {2010},
 }

@book{Hockey05,
 author               = {Hockey, P A R and Dean, W R J and Ryan, P G},
 date-added           = {2012-11-22 11:21:27 +0200},
 edition              = {7th},
 journal              = {Unknown Journal},
 publisher            = {John Voelcker Bird Book Fund, Cape Town},
 title                = {Roberts Birds of Southern Africa},
 year                 = {2005},
 }

@book{Kalbfleisch02,
 address              = {Hoboken, NJ},
 author               = {John D. Kalbfleisch and Ross L. Prentice},
 booktitle            = {The Statistical Analysis of Failure Time Data},
 chapter              = {8},
 edition              = {Second},
 journal              = {Unknown Journal},
 publisher            = {John Wiley Sons, Inc},
 title                = {Competing Risks and Multistate Models},
 year                 = {2002},
 }

@book{Royle13,
 author               = {J.Andrew Royle and Richard B. Chandler and Rahel Sollmann and Beth Gardner},
 journal              = {Unknown Journal},
 publisher            = {Academic Press},
 title                = {Spatial Capture-Recapture},
 year                 = {2013},
 }

@incollection{Sadleir00,
 address              = {Christchurch, New Zealand},
 author               = {Sadleir, R.},
 booktitle            = {The brushtail possum: : biology, impact and management of an introduced marsupial.},
 editor               = {Montague, T.},
 pages                = {126-31},
 publisher            = {Manaaki Whenua Press},
 title                = {Evidence of possums as predators of native animals.},
 year                 = {2000},
 }

@incollection{Skalski93,
 author               = {Skalski, J R and Hoffmann, A and Smith, S G},
 booktitle            = {The use of marked individuals in the study of bird population dynamics: models, methods, and software.},
 editor               = {Lebreton, J D and North, P M},
 pages                = {9-28},
 publisher            = {Birkhauser Verlag Basel / Switzerland},
 title                = {Testing the significance of individual- and cohort-level covariates in animal survival studies},
 year                 = {1993},
 }

@book{Thompson04,
 address              = {Washington, D.C., USA},
 author               = {Thompson, W. L.},
 journal              = {Unknown Journal},
 publisher            = {Island Press},
 title                = {Sampling rare or elusive species: concepts, designs, and techniques for estimating population parameters.},
 year                 = {2004},
 }

@book{Williams02,
 author               = {Byron K. Williams and James D. Nichols and Michael J. Conroy},
 journal              = {Unknown Journal},
 publisher            = {Academic Press},
 title                = {Analysis and Management of Animal Populations},
 year                 = {2002},
 }

@book{Worm10,
 author               = {Worm, B and Lotze, HK and Jonsen, I and Muir, C},
 booktitle            = {Life in the World's Oceans: Diversity, Distribution and Abundance},
 chapter              = {16},
 date-added           = {2012-11-22 11:21:30 +0200},
 editor               = {McIntyre AD},
 journal              = {Unknown Journal},
 pages                = {315-330},
 publisher            = {Blackwell Publishing Ltd., Oxford},
 title                = {The Future of Marine Animal Populations},
 year                 = {2010},
 }
