%%
%% WinShell 3.3.2.6
%% http://www.winshell.org/
%%

% Strings


% Preamble


% BibTeX Entries
@article{Aalen04,
 author               = {Odd O. Aalen and Hakon K. Gjessing},
 journal              = {Lifetime Data Analysis},
 pages                = {407-423},
 title                = {Survival models based on the Ornstein-Uhlenbeck Process},
 volume               = {10},
 year                 = {2004},
 }

@article{Adams99,
 author               = {Adams, N J and Klages, N T W},
 journal              = {South African Journal of Marine Science},
 pages                = {157-163},
 title                = {Foraging effort and prey choice in Cape Gannets.},
 volume               = {21},
 year                 = {1999},
 }

@article{Altwegg08,
 author               = {Altwegg, R and Crawford, R J M and Underhill, L G and Williams, A J},
 journal              = {Biological Conservation},
 pages                = {1924-1929},
 title                = {Long-term survival of de-oiled Cape gannets Morus capensis after the Castillo de Bellver oil spill of 1983.},
 volume               = {141},
 year                 = {2008},
 }

@article{Balme09,
 author               = {Guy A. Balme and Luke T. B. Hunter and Rob Slotow},
 journal              = {Journal of Wildlife Management},
 number               = {3},
 pages                = {433-441},
 title                = {Evaluating Methods for Counting Cryptic Carnivores},
 volume               = {73},
 year                 = {2009},
 }

@article{Barbour13,
 author               = {Barbour, Andrew B. and Ponciano, José M. and Lorenzen, Kai},
 journal              = {Methods in Ecology and Evolution},
 number               = {9},
 pages                = {846-853},
 title                = {Apparent survival estimation from continuous mark-recapture/resighting data},
 volume               = {4},
 year                 = {2013},
 }

@article{Barker14,
 author               = {Barker, R.J. and Schofield, M.R. and Wright, J.A. and Frantz, A.C. and Stevens, C.},
 journal              = {Biometrics},
 month                = {December},
 pages                = {775-782},
 title                = {Closed-Population Capture-Recapture Modeling of Samples Drawn One at a Time},
 volume               = {70},
 year                 = {2014},
 }

@article{Becker84,
 author               = {N. G. Becker},
 journal              = {Australian Journal of Statistics},
 pages                = {1-7},
 title                = {Estimating population size from capture-recapture experiments in continous time.},
 volume               = {26},
 year                 = {1984},
 }

@article{Becker90,
 author               = {Becker, N. G. and Heyde, C. C.},
 journal              = {Stochastic Processes and their Applications},
 owner                = {david},
 pages                = {77-83},
 timestamp            = {2013.06.11},
 title                = {Estimating population size from multiple recapture experiments},
 volume               = {36},
 year                 = {1990},
 }

@article{Berruti93,
 author               = {Berruti, A and Underhill, L G and Shelton, P A and Moloney, C and Crawford, R J M},
 journal              = {Colonial Waterbirds},
 number               = {2},
 pages                = {158-175},
 title                = {Seasonal and interannual variation in the diet of two colonies of the Cape Gannet Morus capensis between 1977/1978 and 1989},
 volume               = {16},
 year                 = {1993},
 }

@article{Beyersmann09,
 author               = {Beyersmann, J and Latouche, A and Buchholz, A and Schumacher, M},
 journal              = {Statistics in Medicine},
 pages                = {956-971},
 title                = {Simulating competing risks data in survival analysis},
 volume               = {28},
 year                 = {2009},
 }

@article{Borchers08,
 author               = {D.L. Borchers and M.G. Efford},
 journal              = {Biometrics},
 month                = {June},
 pages                = {377-385},
 title                = {Spatially Explicit Maximum Likelihood Methods for Capture-Recapture Studies},
 volume               = {64},
 year                 = {2008},
 }

@article{Borchers12,
 author               = {Borchers, D.L.},
 journal              = {Journal of Ornithology},
 month                = {February},
 number               = {2},
 pages                = {435-444},
 title                = {A non-technical overview of spatially explicit capture-recapture models},
 volume               = {152},
 year                 = {2012},
 }

@article{Borchers13,
 author               = {Borchers, D.L. and Stevenson, B.C. and Kidney, D. and Thomas, L. and Marques, T.A.},
 journal              = {Journal of the American Statistical Association},
 owner                = {david},
 timestamp            = {2013.06.11},
 title                = {A unifying model for capture-recapture and distance sampling surveys of wildlife populations},
 volume               = {(submitted)},
 year                 = {2013},
 }

@article{Borchers14,
 author               = {D. Borchers and G. Distiller and R. Foster and B. Harmsen and L. Milazzo},
 date-added           = {2014-12-15 12:03:25 +0000},
 date-modified        = {2014-12-15 12:06:18 +0000},
 journal              = {Methods in Ecology and Evolution},
 month                = {July},
 number               = {7},
 pages                = {656-665},
 title                = {Continuous-time spatially explicit capture--recapture models, with an application to a jaguar camera-trap survey.},
 volume               = {5},
 year                 = {2014},
 }

@article{Borchers16,
 author               = {Borchers, D.L.},
 journal              = {Statistical Science},
 title                = {Spatial capture-recapture models},
 year                 = {2016},
 }

@article{Borchers16b,
 author               = {Borchers, D.L. and Marques, T.A.},
 journal              = {Advances in Statistical Analysis, Ecological Statistics Special Issue},
 pages                = {in press},
 title                = {A review of spatial capture-recapture and distance sampling models.},
 year                 = {2016},
 }

@article{Boyce01,
 author               = {Mark S. Boyce and Darryl I. Mackenzie and Bryan F.J. Manly and Mark A. Haroldson and David Moody},
 journal              = {Journal of Wildlife Management},
 number               = {3},
 pages                = {498-509},
 title                = {Negative binomial models for abundance estimation of multiple closed populations},
 volume               = {65},
 year                 = {2001},
 }

@article{Boyce10,
 author               = {Boyce, D G and Lewis, M R and Worm, B},
 journal              = {Nature},
 pages                = {591-596},
 title                = {Global phytoplankton decline over the past century},
 volume               = {466},
 year                 = {2010},
 }

@article{Campbell90,
 author               = {Campbell, D.J.},
 journal              = {Pacific Science},
 pages                = {277-96},
 title                = {Changes in the structure and composition of a New Zealand lowland forest inhabited by brushtail possums.},
 volume               = {44},
 year                 = {1990},
 }

@article{Carbone01,
 author               = {C. Carbone and S. Christie and K. Conforti and T. Coulsen and N. Franklin and J. R. Ginsberg and M. Griffiths and J. Holden and K. Kawanishi and M. Kinnaird and R. Laidlaw and A. Lynam and D. W. Macdonald and D. Martyr and C. McDougal and L. Nath and T. O'Brien and J. Seidensticker and D. J. L. Smith and M. Sunquist and R. Tilson and W. N. Wan Shahruddin},
 journal              = {Animal Conservation},
 pages                = {75-79},
 title                = {The use of photographic rates to estimate densities of tigers and other cryptic mammals},
 volume               = {4},
 year                 = {2001},
 }

@article{Chao01,
 author               = {Anne Chao},
 journal              = {Journal of Agricultural, Biological, and Environmental Statistics},
 number               = {2},
 pages                = {158-175},
 title                = {An Overview of Closed Capture-Recapture Models},
 volume               = {6},
 year                 = {2001},
 }

@article{Chao02,
 author               = {Anne Chao and John Bunge},
 journal              = {Biometrics},
 month                = {September},
 pages                = {531-539},
 title                = {Estimating the Number of Species in a Stochastic Abundance Model},
 volume               = {58},
 year                 = {2002},
 }

@article{Chao93,
 author               = {Chao, A. and Lee, S. M.},
 journal              = {Biometrical Journal},
 owner                = {david},
 pages                = {29-45},
 timestamp            = {2013.06.11},
 title                = {Estimating population size for continuous-time capture-recapture models via sample coverage},
 volume               = {35},
 year                 = {1993},
 }

@article{Choquet09,
 author               = {Choquet, R and Reboulet, A M and Pradel, R and Gimenez, O and Lebreton, J D},
 journal              = {Ecography},
 pages                = {1071-1074 (Version 2.3)},
 title                = {U-care: Utilities for performing goodness of fit tests and manipulating capturerecapture. data.},
 volume               = {32},
 year                 = {2009},
 }

@article{Cockcroft08,
 author               = {Cockcroft, A C and van Zyl, D and Hutchings, L},
 journal              = {African Journal of Marine Science},
 number               = {1},
 pages                = {149-159},
 title                = {Large-scale changes in the spatial distribution of South African West Coast rock lobsters: an overview},
 volume               = {30},
 year                 = {2008},
 }

@article{Codling08,
 author               = {Edward A Codling and Michael J Plank and Simon Benhamou},
 journal              = {Journal of the Royal Society Interface},
 pages                = {813-834},
 title                = {Random walks in Biology},
 volume               = {5},
 year                 = {2008},
 }

@article{Coetzee08a,
 author               = {Coetzee, J C and Merkle, D and de Moor, C L and Twata, N M and Barange, M and Butterworth, D S},
 journal              = {African Journal of Marine Science},
 number               = {2},
 pages                = {205-217},
 title                = {Refined estimates of South African pelagic fish biomass from hydro-acoustic surveys: quantifying the effects of target strength, signal attenuation and receiver saturation.},
 volume               = {30},
 year                 = {2008},
 }

@article{Coetzee08b,
 author               = {Coetzee, JC and van der Lingen, CD and Hutchings, L and Fairweather, T P},
 journal              = {ICES Journal of Marine Science},
 pages                = {1676-1688},
 title                = {Has the fishery contributed to a major shift in the distribution of South African sardine?},
 volume               = {65},
 year                 = {2008},
 }

@article{Conn15,
 author               = {Conn, P.B. and Johnson, D.S. and Boveng, P.L.},
 doi                  = {10.1371/journal.pone.0141416},
 journal              = {Plos ONE},
 number               = {10},
 title                = {On Extrapolating Past the Range of Observed Data When Making Statistical Predictions in Ecology},
 volume               = {10},
 year                 = {2015},
 }

@article{Cormack64,
 author               = {R. Cormack},
 journal              = {Biometrika},
 pages                = {429-438},
 title                = {Estimates of survival from the sighting of marked animals.},
 volume               = {51},
 year                 = {1965},
 }

@article{Cowan12,
 author               = {P. Cowan and G. Forrester},
 date-added           = {2014-12-11 09:45:22 +0000},
 date-modified        = {2014-12-11 09:45:22 +0000},
 journal              = {Wildlife Research},
 pages                = {343-349},
 title                = {Behavioural responses of brushtail possums to live trapping and implications for trap-catch correction.},
 volume               = {39},
 year                 = {2012},
 }

@article{Craig53,
 author               = {C. C. Craig},
 journal              = {Biometrika},
 number               = {1},
 pages                = {170-176},
 title                = {On the utilization of marked specimens in estimating populations of flying insects},
 volume               = {40},
 year                 = {1953},
 }

@article{Crawford07,
 author               = {Crawford, R J M and Dundee, B L and Dyer, B M and Klages, N T W and Meyer, M A and Upfold, L},
 journal              = {ICES Journal of Marine Science},
 pages                = {169-177},
 title                = {Trends in numbers of Cape gannets (Morus capensis), 1956/57-2005/06, with a consideration of the influence of food and other factors.},
 volume               = {64},
 year                 = {2007},
 }

@article{Crawford07b,
 author               = {Crawford, R J M},
 journal              = {Journal of Ornithology},
 pages                = {S253-S260},
 title                = {Food, fishing and seabirds in the Benguela upwelling system.},
 type                 = {Supplement 2},
 volume               = {148},
 year                 = {2007},
 }

@article{Crawford08,
 author               = {Crawford, R J M and Tree, A J and Whittington, P A and Visagie, J and Upfold, L and Roxburg, K J and Martin, A P and Dyer, B M},
 journal              = {African Journal of Marine Science},
 number               = {1},
 pages                = {189-193},
 title                = {Recent distributional changes of seabirds in South Africa: is climate having an impact?},
 volume               = {30},
 year                 = {2008},
 }

@article{Crawford08b,
 author               = {Crawford, R J M and Sabarros, P S and Fairweather, T and Underhill, L G and Wolfaardt, A C},
 journal              = {African Journal of Marine Science},
 number               = {1},
 pages                = {177-184},
 title                = {Implications for seabirds off South Africa of a long-term change in the distribution of sardine.},
 volume               = {30},
 year                 = {2008},
 }

@article{Crawford09,
 author               = {Crawford, R J M and Whittington, P A and Martin, A P and Tree, A J and Makhado, A B},
 journal              = {Marine Ornithology},
 pages                = {159-174},
 title                = {Population trends of seabirds breeding in south africas eastern cape, and the possible influence of anthropogenic and environmental change.},
 volume               = {37},
 year                 = {2009},
 }

@article{Crawford11,
 author               = {Crawford, RJM and Altwegg, R and Barham, BJ and Barham, PJ and Durant, JM and Dyer, BM and Geldenhuys, D and Makhado, AB and Pichegru, L and Ryan, PG and Underhill, LG and Upfold, L and Visagie, J and Waller, LJ and Whittington, PA},
 journal              = {African Journal of Marine Science},
 pages                = {139-156},
 title                = {Collapse of South Africa's penguins in the early 21st century: a consideration of food availability.},
 volume               = {33},
 year                 = {2011},
 }

@article{Crawford95,
 author               = {Crawford, R J M and Dyer, B M},
 journal              = {Ibis},
 pages                = {329-339},
 title                = {Responses by four seabirds to a fluctuating availability of Cape Anchovy Engraulis capensis off South Africa.},
 volume               = {137},
 year                 = {1995},
 }

@article{Crawford99,
 author               = {Crawford, R J M and Shannon, L J and Whittington, P A},
 journal              = {Marine Ornithology},
 pages                = {135-143},
 title                = {Population dynamics of the African Penguin at Robben Island.},
 volume               = {27},
 year                 = {1999},
 }

@article{Croxall99,
 author               = {Croxall, J P and Reid, K and Prince, P A},
 journal              = {Marine Ecology Progress Series},
 pages                = {115-131},
 title                = {Diet, provisioning and productivity responses of marine predators to differences in availability of Antarctic krill.},
 volume               = {177},
 year                 = {1999},
 }

@article{Cury00,
 author               = {Cury, P and Bakun, A and Crawford, R J M and Jarre, A and Quiones, R A and Shannon, L J and Verheye, H M},
 journal              = {ICES Journal of Marine Science Symposium Edition},
 number               = {3},
 pages                = {603-618},
 title                = {Small pelagics in upwelling systems: patterns of interaction and structural changes in wasp-waist ecosystems.},
 volume               = {57},
 year                 = {2000},
 }

@article{Darroch58,
 author               = {J.N Darroch},
 journal              = {Biometrika},
 month                = {December},
 number               = {3/4},
 pages                = {343-359},
 title                = {The Multiple-Recapture Census: I. Estimation of a Closed Population.},
 volume               = {45},
 year                 = {1958},
 }

@article{Dawson09,
 author               = {Dawson, D.K. and Efford, M.G.},
 journal              = {Journal of},
 owner                = {david},
 pages                = {1201-1209},
 timestamp            = {2013.06.11},
 title                = {Bird population density estimated from acoustic signals},
 volume               = {46},
 year                 = {2009},
 }

@article{Dice38,
 author               = {L. R. Dice},
 journal              = {Journal of Wildlife Management},
 pages                = {119-130},
 title                = {Some census methods for mammals},
 volume               = {2},
 year                 = {1938},
 }

@article{Dillon07,
 author               = {Adam Dillon and Marcella J. Kelly},
 journal              = {Oryx},
 number               = {4},
 pages                = {469-477},
 title                = {Ocelot Leopardus pardalis in Belize: the impact of trap spacing and distance moved on density estimates},
 volume               = {41},
 year                 = {2007},
 }

@article{Distiller15,
 author               = {Distiller, G and Borchers, D.L.},
 journal              = {Ecology and Evolution},
 month                = {November},
 number               = {21},
 pages                = {5075-5087},
 title                = {A spatially explicit capture-recapture estimator for single-catch traps.},
 volume               = {5},
 year                 = {2015},
 }

@article{Durant09,
 author               = {Durant, J M and Hjermann, D O and Frederiksen, M and Charrassin, J B and Maho, Y L and Sabarros, P S and Crawford, R J M and Stenseth, N C},
 journal              = {Climate Research},
 pages                = {115-129},
 title                = {Pros and cons of using seabirds as ecological indicators.},
 volume               = {39},
 year                 = {2009},
 }

@article{Efford04a,
 author               = {M.G. Efford},
 journal              = {Oikos},
 owner                = {david},
 pages                = {598-610},
 timestamp            = {2013.11.24},
 title                = {Density estimation in live-trapping studies journal},
 volume               = {106},
 year                 = {2004},
 }

@article{Efford09a,
 author               = {Murray G. Efford and Deanna K. Dawson and David L. Borchers},
 journal              = {Ecology},
 number               = {10},
 pages                = {2676-2682},
 title                = {Population density estimated from locations of individuals on a passive detector array},
 volume               = {90},
 year                 = {2009},
 }

@article{Efford13b,
 author               = {Efford, M. G. and Borchers, D. L. and Mowat, G.},
 journal              = {Methods in Ecology and Evolution},
 number               = {7},
 owner                = {david},
 pages                = {629-636},
 timestamp            = {2013.04.21},
 title                = {Varying effort in capture-recapture studies.},
 volume               = {4},
 year                 = {2013},
 }

@article{Efford14,
 author               = {M. G. Efford and G. Mowat},
 journal              = {Ecology},
 number               = {5},
 pages                = {1341-1348},
 title                = {Compensatory heterogeneity in spatially explicit capture-recapture data},
 volume               = {95},
 year                 = {2014},
 }

@article{Fairweather06,
 author               = {Fairweather, T P and van der Lingen, C D and Booth, A J and Drapeau, L and van der Westhuizen, J J},
 journal              = {African Journal of Marine Science},
 pages                = {661-680},
 title                = {Indicators of sustainable fishing for South African sardine Sardinops sagax and anchovy Engraulis encrasicolus},
 volume               = {28},
 year                 = {2006},
 }

@article{Foster10,
 author               = {Rebecca J. Foster and Bart J. Harmsen and C. Patrick Doncaster},
 journal              = {Biotropica},
 number               = {6},
 pages                = {724-731},
 title                = {Habitat Use by Sympatric Jaguars and Pumas Across a Gradient of Human Disturbance in Belize.},
 volume               = {42},
 year                 = {2010},
 }

@article{Foster12,
 author               = {Rebecca J. Foster and Bart J. Harmsen},
 journal              = {The Journal of Wildlife Management},
 pages                = {224-236},
 title                = {A Critique of Density Estimation From Camera-Trap Data},
 volume               = {76},
 year                 = {2012},
 }

@article{Frederiksen04,
 author               = {Frederiksen, M and Wanless, S and Harris, M P and Rothery, P and Watson, L J},
 journal              = {Journal of Applied Ecology},
 pages                = {1129-1139},
 title                = {The role of industrial fisheries and oceanographic change in the decline of North Sea black-legged kittiwakes.},
 volume               = {41},
 year                 = {2004},
 }

@article{Fuller15,
 author               = {Fuller, A.K. and Sutherland, C.S. and Royle, J.A. and Hare, M.P.},
 journal              = {Ecological Applications},
 title                = {Estimating population density and connectivity of American mink using spatial capture-recapture.},
 year                 = {2015},
 }

@article{Gaillard03,
 author               = {Gaillard, J-M and Yoccoz, N G},
 journal              = {Ecology},
 number               = {12},
 pages                = {3294-3306},
 title                = {Temporal Variation in Survival of Mammals: A Case of Environmental Canalization?},
 volume               = {84},
 year                 = {2003},
 }

@article{Gardner09,
 author               = {Beth Gardner and J. Andrew Royle and Michael T. Wegan},
 journal              = {Ecology},
 number               = {4},
 pages                = {1106-1115},
 title                = {Hierarchical models for estimating density from DNA mark-recapture studies},
 volume               = {90},
 year                 = {2009},
 }

@article{Gardner10,
 author               = {Beth Gardner and Juan Reppucci and Mauro Lucherini and J. Andrew Royle},
 journal              = {Ecology},
 pages                = {3376-3383},
 title                = {Spatially explicit inference for open populations: estimating demographic parameters from camera-trap studies},
 volume               = {11},
 year                 = {2010},
 }

@article{Gerber12,
 author               = {Brian D. Gerber and Sarah M. Karpanty and Marcella J. Kelly},
 journal              = {Population Ecology},
 pages                = {43-54},
 title                = {Evaluating the potential biases in carnivore capture-recapture studies associated with the use of lure and varying density estimation techniques using photographic-sampling data of the Malagasy civet},
 volume               = {54},
 year                 = {2012},
 }

@article{Gerber15,
 author               = {Brian D. Gerber and Robert R. Parmenter},
 journal              = {Ecological Applications},
 number               = {3},
 pages                = {695-705},
 title                = {Spatial capture-recapture model performance with known small-mammal densities},
 volume               = {25},
 year                 = {2015},
 }

@article{Goldberg15,
 author               = {Goldberg, J.F. and Tempa, T. and Norbu, N. and Hebblewhite, M. and Mills, S. and Wangchuk, T.R. and Lukacs, P.},
 doi                  = {10.1371/journal.pone.0140757},
 journal              = {PLoS One},
 number               = {11},
 title                = {Examining Temporal Sample Scale and Model Choice with Spatial Capture-Recapture Models in the Common Leopard Panthera pardus.},
 volume               = {10},
 year                 = {2015},
 }

@article{Gremillet08,
 author               = {Gremillet, D and Pichegru, L and Kuntz, G and Woakes, A G and Wilkinson, S and Crawford, R J M and Ryan, P G},
 journal              = {Proceedings of the Royal Society B},
 title                = {A junk-food hypothesis for gannets feeding on fishery waste.},
 year                 = {2008},
 }

@article{Gremillet08b,
 author               = {Gremillet, D and Lewis, S and Drapeau, L and {van der Lingen}, C D and Huggett, J A and Coetzee, J C and Verheye, H M and Daunt, F and Wanless, S and Ryan, P G},
 journal              = {Journal of Applied Ecology},
 pages                = {610-621},
 title                = {Spatial match-mismatch in the Benguela upwelling zone: should we expect chlorophyll and sea-surface temperature to predict marine predator distributions?},
 volume               = {45},
 year                 = {2008},
 }

@article{Gremillet09,
 author               = {Gremillet, D and Boulinier, T},
 journal              = {Marine Ecology Progress Series},
 pages                = {121-137},
 title                = {Spatial ecology and conservation of seabirds facing global climate change: a review.},
 volume               = {391},
 year                 = {2009},
 }

@article{Gremillet10,
 author               = {Gremillet, D and Mullers, R H E and Moseley, C and Pichegru, L and Coetzee, J C and Sabarros, P S and van der Lingen, C D and Ryan, P G and Kato, A and Ropert-Coudert, Y},
 journal              = {Frontiers in Ecology and the Environment},
 pages                = {401-402},
 title                = {Seabirds, fisheries, and cameras.},
 volume               = {8},
 year                 = {2010},
 }

@article{Griffiths93,
 author               = {Mike Griffiths and Carel P. van Schaik},
 journal              = {Conservation Biology},
 month                = {September},
 number               = {3},
 pages                = {623-626},
 title                = {The Impact of Human Traffic on the Abundance and Activity Periods of Sumatran Rain Forest Wildlife},
 volume               = {7},
 year                 = {1993},
 }

@article{Harmsen09,
 author               = {B.J. Harmsen and R.J. Foster and S. Silver and L. Ostro and C.P. Doncaster},
 journal              = {Journal of Mammalogy},
 number               = {3},
 pages                = {612-620},
 title                = {Spatial and temporal interactions of sympatric jaguars and pumas in a neotropical forest.},
 volume               = {90},
 year                 = {2009},
 }

@article{Harmsen10,
 author               = {Bart J. Harmsen and Rebecca J. Foster and Scott Silver and Linde Ostro and C. Patrick Doncaster},
 journal              = {Biotropica},
 number               = {1},
 pages                = {126-133},
 title                = {Differential Use of Trails by Forest Mammals and the Implications for Camera-Trap Studies: A Case Study from Belize},
 volume               = {42},
 year                 = {2010},
 }

@article{Harmsen11,
 author               = {Harmsen, B.J. and Foster, R.J. and Silver, S.C. and Ostro, L.E.T. and Doncaster, C.P.},
 journal              = {Mammalian Biology},
 number               = {3},
 pages                = {320-324},
 title                = {Jaguar and puma activity patterns in relation to their main prey},
 volume               = {76},
 year                 = {2011},
 }

@article{Hwang02,
 author               = {Hwang, W. and Chao, A.},
 journal              = {Statistica Sinica},
 owner                = {david},
 pages                = {1115-1131},
 timestamp            = {2013.05.27},
 title                = {Continuous-time capture-recapture models with covariates},
 volume               = {12},
 year                 = {2002},
 }

@article{Hwang02b,
 author               = {Hwang, W. and Chao, A. and Yip, P.S.F.},
 journal              = {Australian and New Zealand Journal of Statistics},
 owner                = {david},
 pages                = {41-54},
 timestamp            = {2013.05.27},
 title                = {Continuous-time capture-recapture models with time variation and behavioural response},
 volume               = {44},
 year                 = {2002},
 }

@article{Ivan13a,
 author               = {Jacob S. Ivan and Gary C. White and Tanya M. Shenk},
 journal              = {Ecology},
 pages                = {809-816},
 title                = {Using auxiliary telemetry information to estimate animal density from capture-recapture data},
 volume               = {94},
 year                 = {2013},
 }

@article{Ivan13b,
 author               = {Jacob S. Ivan and Gary C. White and Tanya M. Shenk},
 journal              = {Ecology},
 pages                = {817-826},
 title                = {Using simulation to compare methods for estimating density from capture-recapture data.},
 volume               = {94},
 year                 = {2013},
 }

@article{Jolly65,
 author               = {G. Jolly},
 journal              = {Biometrika},
 pages                = {225-247},
 title                = {Explicit estimates from capture-recapture data with both death and immigration: stochastic model.},
 volume               = {52},
 year                 = {1965},
 }

@article{Jordan11,
 author               = {M.J. Jordan and R.H. Barrett and K.L. Purcell},
 journal              = {Wildlife Biology},
 pages                = {266-276},
 title                = {Camera trapping estimates of density and survival of fishers (Martes pennanti).},
 volume               = {17},
 year                 = {2011},
 }

@article{Karanth04,
 author               = {K. Ullas Karanth and Raghunandan S. Chundawat and James D. Nichols and N. Samba Kumar},
 journal              = {Animal Conservation},
 pages                = {285-290},
 title                = {Estimation of tiger densities in the tropical dry forests of Panna, Central India, using photographic capture--recapture sampling},
 volume               = {7},
 year                 = {2004},
 }

@article{Karanth06,
 author               = {K. Ullas Karanth and James D. Nichols and N. Samba Kumar and James E. Hines},
 journal              = {Ecology},
 pages                = {2925-2937},
 title                = {Assessing tiger population dynamics using photographic capture-recapture sampling},
 volume               = {11},
 year                 = {2006},
 }

@article{Karanth95,
 author               = {K. Ullas Karanth},
 journal              = {Biological Conservation},
 pages                = {333-338},
 title                = {Estimating tiger Panthera tigris populations from camera trap data using capture-recapture models},
 volume               = {71},
 year                 = {1995},
 }

@article{Karanth98,
 author               = {K. Ullas Karanth and James D. Nichols},
 journal              = {Ecology},
 number               = {8},
 pages                = {2852-2862},
 title                = {ESTIMATION OF TIGER DENSITIES IN INDIA USING PHOTOGRAPHIC CAPTURES AND RECAPTURES},
 volume               = {79},
 year                 = {1998},
 }

@article{Keating02,
 author               = {Keating, K.A. and Schwartz, C.S. and Haroldson, M.A. and Moody, D.},
 journal              = {Ursus},
 month                = {May},
 pages                = {161-174},
 title                = {Estimating numbers of females with cubs-of-the-year in the Yellowstone grizzly bear population},
 volume               = {13},
 year                 = {2002},
 }

@article{Kery11,
 author               = {Kery, M. and Gardener, B. and Stoeckle, T. and Weber, D.},
 journal              = {Conservation Biology},
 month                = {April},
 number               = {2},
 pages                = {356-364},
 title                = {Use of Spatial Capture-Recapture Modeling and DNA Data to Estimate Densities of Elusive Animals},
 volume               = {25},
 year                 = {2011},
 }

@article{Klages92,
 author               = {Klages, N T W and Willis, A B and Ross, G J B},
 journal              = {South African Journal of Marine Science},
 pages                = {761-771},
 title                = {Variability in the diet of the Cape Gannet at Bird Island, Algoa Bay, South Africa.},
 volume               = {12},
 year                 = {1992},
 }

@article{Klages94,
 author               = {Klages, N},
 journal              = {Ostrich},
 pages                = {218-224},
 title                = {Dispersal and Site Fidelity of Cape gannets Morus capensis},
 volume               = {65},
 year                 = {1994},
 }

@article{Krebs11,
 author               = {Charles J. Krebs and Rudy Boonstra and Scott Gilbert and Donald Reid and Alice J. Kenney and Elizabeth J. Hofer},
 journal              = {Journal of Mammalogy},
 number               = {5},
 pages                = {974-981},
 title                = {Density estimation for small mammals from livetrapping grids: rodents in northern Canada},
 volume               = {92},
 year                 = {2011},
 }

@article{Lachaud05,
 author               = {B. Lachaud},
 journal              = {Journal of Applied Probability},
 month                = {Dec},
 number               = {4},
 pages                = {1069-1080},
 title                = {Cut-off and Hitting Times of a Sample of Ornstein-Uhlenbeck Processes and Its Average},
 volume               = {42},
 year                 = {2005},
 }

@article{Langrock12,
 author               = {R. Langrock and R. King and J. Matthiopoulos and L. Thomas and D. Fortin and J. M. Morales},
 journal              = {Ecology},
 number               = {11},
 pages                = {2336-2342},
 title                = {Flexible and practical modeling of animal telemetry data: hidden Markov models and extensions},
 volume               = {93},
 year                 = {2012},
 }

@article{Lebreton92,
 author               = {J.D. Lebreton and K.P. Burnham and J. Clobert and D.R. Anderson},
 date-added           = {2014-12-11 10:51:55 +0000},
 date-modified        = {2014-12-11 10:52:56 +0000},
 journal              = {Ecological Monographs},
 pages                = {67-118},
 title                = {Modeling survival and testing biological hypotheses using marked animals: case studies and recent advances},
 volume               = {62},
 year                 = {1992},
 }

@article{Lebreton92,
 author               = {Lebreton, J and Burnham, K P and Clobert, J and Anderson, D R},
 journal              = {Ecological Monographs},
 title                = {Modeling Survival and Testing Biological Hypotheses Using Marked Animals: A Unified Approach with Case Studies},
 volume               = {62},
 year                 = {1992},
 }

@article{Lewis06,
 author               = {Lewis, S and Gremillet, D and Daunt, F and Ryan, P and Crawford, R J M and Wanless, S},
 journal              = {Oecologia},
 pages                = {606-614},
 title                = {Using behavioural and state variables to identify proximate causes},
 volume               = {147},
 year                 = {2006},
 }

@article{Lin99,
 author               = {D. Y. Lin and Paul S. F. Yip},
 journal              = {Journal of the Royal Statistical Society: Series B},
 number               = {2},
 pages                = {401-411},
 title                = {Parametric regression models for continuous time removal and recapture studies},
 volume               = {61},
 year                 = {1999},
 }

@article{Link99,
 author               = {Link, W A},
 journal              = {Journal of Wildlife Management},
 number               = {3},
 pages                = {1017-1027},
 title                = {Modeling pattern in collections of parameters.},
 volume               = {63},
 year                 = {1999},
 }

@article{Linkie07,
 author               = {Linkie, M. and Dinata, Y. and Nugroho, A. and Achmad Haidir, I.},
 journal              = {Biological Conservation},
 month                = {June},
 number               = {1},
 pages                = {20-27},
 title                = {Estimating occupancy of a data deficient mammalian species living in tropical rainforests: Sun bears in the Kerinci Seblat region, Sumatra.},
 volume               = {137},
 year                 = {2007},
 }

@article{Lotze06,
 author               = {Lotze, HK and Lenihan, HS and Bourque, BJ},
 journal              = {Science},
 number               = {5781},
 pages                = {1806-1809},
 title                = {Depletion, degradation, and recovery potential of estuaries and coastal seas.},
 volume               = {312},
 year                 = {2006},
 }

@article{Maffei04,
 author               = {Leonardo Maffei and Erika Cuellar and Andrew Noss},
 journal              = {Journal of Zoology},
 pages                = {295-304},
 title                = {One thousand jaguars (Panthera onca) in Bolivia's Chaco? Camera trapping in the Kaa-Iya National Park},
 volume               = {262},
 year                 = {2004},
 }

@article{Maffei08,
 author               = {Leonardo Maffei and Andrew Noss},
 journal              = {Biotropica},
 number               = {1},
 pages                = {71-75},
 title                = {How small is too Small? Camera Trap Survey Areas and Density Estimates for Ocelots in the Bolivian Chaco},
 volume               = {40},
 year                 = {2008},
 }

@article{Makhado06,
 author               = {Makhado, A B and Crawford, R J M and Underhill, L G},
 journal              = {African Journal of Marine Science},
 number               = {681-687},
 title                = {Impact of predation by Cape Fur Seals Arctocephalus pusillus pusillus on Cape Gannets Morus capensis at Malgas Island, Western Cape, South Africa},
 volume               = {28},
 year                 = {2006},
 }

@article{Marques13,
 author               = {TA Marques and L Thomas and SW Martin and DK Mellinger and JA Ward and DJ Moretti and D Harris and PL Tyack},
 date-added           = {2014-12-11 10:07:54 +0000},
 date-modified        = {2014-12-11 10:09:49 +0000},
 journal              = {Biological Reviews},
 number               = {2},
 pages                = {287-309},
 title                = {Estimating animal population density using passive acoustics.},
 volume               = {88},
 year                 = {2013},
 }

@article{McKenzie09,
 author               = {Hannah W. McKenzie and Mark A. Lewis and Evelyn H. Merrill},
 journal              = {Bulletin of Mathematical Biology},
 pages                = {107-129},
 title                = {First Passage Time Analysis of Animal Movement and Insights into the Functional Response},
 volume               = {71},
 year                 = {2009},
 }

@article{Morales04,
 author               = {Juan Manuel Morales and Daniel T. Haydon and Jacqui Frair and Kent E. Holsinger and John M. Fryxell},
 journal              = {Ecology},
 number               = {9},
 pages                = {2436-2445},
 title                = {Extracting more out of relocation data: building movement models as mixtures of random walks},
 volume               = {85},
 year                 = {2004},
 }

@article{Mullers09,
 author               = {Mullers, R H E and Navarro, R A and Crawford, R J M and Underhill, L G},
 journal              = {ICES Journal of Marine Science},
 number               = {10},
 pages                = {2244-2252},
 title                = {The importance of lipid-rich fish prey for Cape gannet chick growth: are fishery discards an alternative?},
 volume               = {66},
 year                 = {2009},
 }

@article{Mullers10,
 author               = {Mullers, R H E and Navarro, R A},
 journal              = {Endangered Species Research},
 pages                = {193-202},
 title                = {Foraging behaviour of Cape gannets as an indicator for colony health status},
 volume               = {12},
 year                 = {2010},
 }

@article{Nayak88,
 author               = {Nayak, T.K.},
 journal              = {Biometrika},
 owner                = {david},
 pages                = {113-120},
 timestamp            = {2013.05.29},
 title                = {Estimating population size by recapture sampling},
 volume               = {75},
 year                 = {1988},
 }

@article{Noss12,
 author               = {A. J. Noss and B. Gardner and L. Maffei and E. Cuellar and R. Montano and A. Romero-Munoz and R. Sollman and A. F. O'Connell},
 journal              = {Animal Conservation},
 title                = {Comparison of density estimation methods for mammal populations with camera traps in the Kaa-Iya del Gran Chaco landscape},
 volume               = {doi: 10.1111/j.1469-1795.2012.00545.x},
 year                 = {2012},
 }

@article{Oatley92,
 author               = {Oatley, T B and Underhill, L G and Ross, G J B},
 journal              = {Colonial Waterbirds},
 number               = {1},
 pages                = {140-143},
 title                = {Recovery Rate of Juvenile Cape Gannets: A Potential Indicator of Marine Conditions.},
 volume               = {15},
 year                 = {1992},
 }

@article{Obbard10,
 author               = {Martyn E. Obbard and Eric J. Howe and Christopher J. Kyle},
 journal              = {Journal of Applied Ecology},
 pages                = {76-84},
 title                = {Empirical comparison of density estimators for large carnivores},
 volume               = {47},
 year                 = {2010},
 }

@article{Ormerod03,
 author               = {Ormerod, S J},
 journal              = {Journal of Applied Ecology},
 pages                = {204-213},
 title                = {Current issues with fish and fisheries: editor's overview and introduction.},
 volume               = {40},
 year                 = {2003},
 }

@article{Ovaskainen04,
 author               = {Otso Ovaskainen},
 journal              = {Ecology},
 number               = {1},
 pages                = {242-257},
 title                = {Habitat-specific movement parameters estimated using mark-recapture data and a diffusion model.},
 volume               = {85},
 year                 = {2004},
 }

@article{Petersen09,
 author               = {Petersen, S L and Honig, M B and Ryan, P G and Underhill, L G},
 journal              = {African Journal of Marine Science},
 pages                = {191-204},
 title                = {Seabird bycatch in the pelagic longline fishery off southern Africa},
 volume               = {31},
 year                 = {2009},
 }

@article{Piatt07,
 author               = {Piatt, J F and Sydeman, W J and Wiese, F},
 journal              = {Marine Ecology Progress Series},
 pages                = {199-204},
 title                = {Introduction: a modern role for seabirds as indicators.},
 volume               = {352},
 year                 = {2007},
 }

@article{Pichegru07,
 author               = {Pichegru, L and Ryan, P G and van der Lingen, C and Coetzee, J and Ropert-Coudert, Y and Gremillet, D},
 journal              = {Marine Ecology Progress Series},
 pages                = {127-136},
 title                = {Foraging behaviour and energetic of Cape gannets Morus capensis feeding on live prey and fishery discards in the Benguela upwelling system.},
 volume               = {350},
 year                 = {2007},
 }

@article{Pichegru09,
 author               = {Pichegru, L and Ryan, P G and Le Bohec, C and van der Lingen, C and Navarro, R and Petersen, S and Lewis, S and van der Westhuizen, J and Gremillet, D},
 journal              = {Marine Ecology Progress Series},
 pages                = {199-208},
 title                = {Overlap between vulnerable top predators and fisheries in the Benguela upwelling system: implications for marine protected areas},
 volume               = {391},
 year                 = {2009},
 }

@article{Pollock82,
 author               = {K. Pollock},
 journal              = {Journal of Wildlife Management},
 pages                = {757-760},
 title                = {A capture-recapture design robust to unequal probability of capture.},
 year                 = {46},
 }

@article{Pradel97,
 author               = {Pradel, R and Hines, J E and Lebreton, J D and Nichols, J D},
 journal              = {Biometrics},
 pages                = {60-72},
 title                = {Capture-Recapture Survival Models Taking Account of Transients},
 volume               = {53},
 year                 = {1997},
 }

@article{Reich14,
 author               = {Reich, B.J. and Gardner, B.},
 journal              = {Environmetrics},
 pages                = {630-637},
 title                = {A spatial capture-recapture model for territorial species.},
 volume               = {25},
 year                 = {2014},
 }

@article{Rhodes05,
 author               = {Jonathan R. Rhodes and Clive A. McAlpine and Daniel Lunney and Hugh P. Possingham},
 journal              = {Ecology},
 number               = {5},
 pages                = {1199-1205},
 title                = {A spatially explicit habitat selection model incorporating home behaviour},
 volume               = {86},
 year                 = {2005},
 }

@article{Ridout09,
 author               = {Ridout, M. S. and Linkie, M.},
 journal              = {Journal of Agricultural, Biological, and Environmental Statistics},
 number               = {3},
 pages                = {322-337},
 title                = {Estimating overlap of daily activity patterns from camera trap data.},
 volume               = {14},
 year                 = {2009},
 }

@article{Rolland08,
 author               = {Rolland, V and Barbraud, C and Weimerskirch, H},
 journal              = {Journal of Applied Ecology},
 pages                = {4-13},
 title                = {Combined effects of fisheries and climate on a migratory long-lived marine predator.},
 volume               = {45},
 year                 = {2008},
 }

@article{Rolland10,
 author               = {Rolland, V and Weimerskirch, H and Barbraud, C},
 journal              = {Global Change Biology},
 pages                = {1910-1922},
 title                = {Relative influence of fisheries and climate on the demography of four albatross species.},
 volume               = {16},
 year                 = {2010},
 }

@article{Rouault09,
 author               = {Rouault, M and Penven, P and Pohl, B},
 journal              = {Geophysical Research Letters},
 title                = {Warming in the agulhas current system since the 1980s.},
 volume               = {36},
 year                 = {2009},
 }

@article{Rouault10,
 author               = {Rouault, M and Pohl, B and Penven, P},
 journal              = {African Journal of Marine Science},
 number               = {2},
 pages                = {237-246},
 title                = {Coastal oceanic climate change and variability from 1982 to 2009.},
 volume               = {32},
 year                 = {2010},
 }

@article{Rowcliffe08,
 author               = {J. Marcus Rowcliffe and Juliet Field and Samuel T. Turvey and Chris Carbone},
 date-added           = {2014-12-11 09:46:02 +0000},
 date-modified        = {2014-12-11 09:48:14 +0000},
 journal              = {Journal of Applied Ecology},
 pages                = {1228-1236},
 title                = {Estimating animal density using camera traps without the need for individual recognition.},
 volume               = {45},
 year                 = {2008},
 }

@article{Rowcliffe08b,
 author               = {Rowcliffe, J.M. and Carbone, C.},
 journal              = {Animal Conservation},
 number               = {3},
 pages                = {185-186},
 title                = {Surveys using camera traps: are we looking to a brighter future?},
 volume               = {11},
 year                 = {2008},
 }

@article{Rowcliffe14,
 author               = {Rowcliffe, J M and Kays, R and Kranstauber, B and Carbone, C and Jansen, P A J},
 doi                  = {10.1111/2041-210X.12278},
 journal              = {Methods in Ecology and Evolution},
 number               = {11},
 pages                = {1170 - 1179},
 title                = {Quantifying levels of animal activity using camera trap data},
 volume               = {5},
 year                 = {2014},
 }

@article{Roy07,
 author               = {Roy, C and {van der Lingen}, C D and Coetzee, J C and Lutjeharms, J R E},
 journal              = {African Journal of Marine Science},
 number               = {3},
 pages                = {309-319},
 title                = {Abrupt environmental shift associated with changes in the distribution of Cape anchovy Engraulis encrasicolus spawners in the southern Benguela.},
 volume               = {29},
 year                 = {2007},
 }

@article{Royle08,
 author               = {J. Andrew Royle and Kevin V. Young},
 journal              = {Ecology},
 number               = {8},
 pages                = {2281-2289},
 title                = {A hierarchical model for spatial capture-recapture},
 volume               = {89},
 year                 = {2008},
 }

@article{Royle09,
 author               = {J. Andrew Royle and K. Ullas Karanth and Arjun M. Gopalaswamy and N. Samba Kumar},
 journal              = {Ecology},
 pages                = {3233-3244},
 title                = {Bayesian inference in camera trapping studies for a class of spatial capture-recapture models},
 volume               = {11},
 year                 = {2009},
 }

@article{Royle09b,
 author               = {J. Andrew Royle and James D. Nichols and K. Ullas Karanth and Arjun M. Gopalaswamy},
 journal              = {Journal of Applied Ecology},
 pages                = {118-127},
 title                = {A hierarchical model for estimating density in camera-trap studies},
 volume               = {46},
 year                 = {2009},
 }

@article{Royle13b,
 author               = {Royle, J.A. and Chandler, R.B. and Gazenski, K.D. and Graves, T.A.},
 journal              = {Ecology},
 number               = {2},
 pages                = {287-294},
 title                = {Spatial capture-recapture models for jointly estimating population density and landscape connectivity.},
 volume               = {94},
 year                 = {2013},
 }

@article{Royle13c,
 author               = {Royle, J.A. and Chandler, R.B. and Sun, C.S. and Fuller, A.K.},
 journal              = {Methods in Ecology and Evolution},
 pages                = {520-530},
 title                = {Integrating resource selection information with spatial capture-recapture},
 volume               = {4},
 year                 = {2013},
 }

@article{Sandvik05,
 author               = {Sandvik, H and Erikstad, K E and Barrett, R T and Yoccoz, N G},
 journal              = {Journal of Animal Ecology},
 pages                = {817-831},
 title                = {The effect of climate on adult survival in five species of North Atlantic seabirds.},
 volume               = {74},
 year                 = {2005},
 }

@article{Seber65,
 author               = {G. Seber},
 journal              = {Biometrika},
 pages                = {249-259},
 title                = {A note on the multiple-recapture census.},
 volume               = {52},
 year                 = {1965},
 }

@article{Silver04,
 author               = {Scott C. Silver and Linde E. T. Ostro and Laura K. Marsh and Leonardo Maffei and Andrew J. Noss and Marcella J. Kelly and Robert B. Wallace and Humberto Gomez and Guido Ayala},
 journal              = {Oryx},
 month                = {April},
 number               = {2},
 pages                = {148-154},
 title                = {The use of camera traps for estimating jaguar Panthera onca abundance and density using capture/recapture analysis},
 volume               = {38},
 year                 = {2004},
 }

@article{Smouse10,
 author               = {Peter E. Smouse and Focardi and Paul R. Moorcroft and John G. Kie and James D. Forester and Juan M. Morales},
 journal              = {Philosophical Transactions of the Royal Society B},
 pages                = {2201-2211},
 title                = {Stochastic modelling of animal movement},
 volume               = {365},
 year                 = {2010},
 }

@article{Soisalo06,
 author               = {Marianne K. Soisalo and Sandra M. C. Cavalcanti},
 journal              = {Biological Conservation},
 pages                = {487-496},
 title                = {Estimating the density of a jaguar population in the Brazilian Pantanal using camera-traps and capture-recapture sampling in combination with GPS radio-telemetry},
 volume               = {129},
 year                 = {2006},
 }

@article{Sollmann12,
 author               = {Sollmann, Rahel and Gardner, Beth and Belant, Jerrold L.},
 doi                  = {doi:10.1371/journal.pone.0034575},
 journal              = {PLOS One},
 number               = {4},
 pages                = {1-8},
 title                = {How Does Spatial Study Design Influence Density Estimates from Spatial Capture-Recapture Models?},
 volume               = {7},
 year                 = {2012},
 }

@article{Staverees08,
 author               = {Staverees, L and Crawford, R J M and Underhill, L G},
 journal              = {Ostrich},
 number               = {1},
 pages                = {67-72},
 title                = {Factors influencing the breeding success of Cape Gannets Morus capensis at Malgas Island, 2002/03},
 volume               = {79},
 year                 = {2008},
 }

@article{Stuart04,
 author               = {S. N. Stuart and J.S. Chanson and N.A. Cox and B.E. Young and A.S.L. Rodrigues and D.L. Fischmann and R.W. Waller},
 journal              = {Science},
 pages                = {1783-1786},
 title                = {Status and Trends of Amphibian Declines and extinctions Worldwide.},
 volume               = {306},
 year                 = {2004},
 }

@article{Sun15,
 author               = {Sun, C.C. and Fuller, A.K. and Royle, J.A.},
 doi                  = {doi:10.1371/journal.pone.0088025},
 journal              = {PLOS One},
 number               = {2},
 pages                = {1-9},
 title                = {Trap Configuration and Spacing Influences Parameter Estimates in Spatial Capture-Recapture Models.},
 volume               = {9},
 year                 = {2015},
 }

@article{Sutherland15,
 author               = {Sutherland, C and Fuller, A.K. and Royle, J.A.},
 journal              = {Methods in Ecology and Evolution},
 pages                = {169-177},
 title                = {Modelling non-Euclidean movement and landscape connectivity in highly structured ecological networks},
 volume               = {6},
 year                 = {2015},
 }

@article{Tobler08,
 author               = {Tobler, M.W. and Carrillo-Percastegui, S. E. and Leite Pitman, R. and Mares, R. and Powell, G.},
 journal              = {Animal Conservation},
 number               = {3},
 pages                = {169-178},
 title                = {An evaluation of camera traps for inventorying large- and medium-sized terrestrial rainforest mammals},
 volume               = {11},
 year                 = {2008},
 }

@article{Tobler13,
 author               = {Mathias W. Tobler and George V. N. Powell},
 journal              = {Biological Conservation},
 pages                = {109-118},
 title                = {Estimating jaguar densities with camera traps: Problems with current designs and recommendations for future studies},
 volume               = {159},
 year                 = {2013},
 }

@article{Trolle07,
 author               = {Mogens Trolle and Andrew J. Noss and Edson De S. Lima and Julio C. Dalponte},
 journal              = {Biodiversity and Conservation},
 pages                = {1197-1204},
 title                = {Camera-trap studies of maned wolf density in the Cerrado and the Pantanal of Brazil},
 volume               = {16},
 year                 = {2007},
 }

@article{Vanderlingen05,
 author               = {van der Lingen, C D and Coetzee, J C and Demarcq, H and Drapeau, L and Fairweather, T P and Hutchings, L},
 journal              = {GLOBEC Newsletter},
 number               = {2},
 pages                = {17-22},
 title                = {An eastward shift in the distribution of southern Benguela sardine},
 volume               = {11},
 year                 = {2005},
 }

@article{Velarde04,
 author               = {Velarde, E and Ezcurra, E and Cisneros-Mata, M A and Lavin, M F},
 journal              = {Ecological Applications},
 number               = {2},
 pages                = {607-615},
 title                = {Seabird Ecology, El Nino Anomalies, and Prediction of Sardine Fisheries in the Gulf of California.},
 volume               = {14},
 year                 = {2004},
 }

@article{Watkins08,
 author               = {Watkins, B P and Petersen, S L and Ryan, P G},
 journal              = {Animal Conservation},
 pages                = {247-254},
 title                = {Interactions between seabirds and deep-water hake trawl gear: an assessment of impacts in South African waters},
 volume               = {11},
 year                 = {2008},
 }

@article{White99,
 author               = {White, G C and Burnham, K P},
 journal              = {Bird Study},
 pages                = {S120-S139},
 title                = {Program MARK: survival estimation from populations of marked animals},
 type                 = {supplement},
 volume               = {46},
 year                 = {1999},
 }

@article{Whitmore86,
 author               = {G. A. Whitmore},
 journal              = {The Statistician},
 pages                = {207-219},
 title                = {First-passage time models for duration data: regression structures and competing risks},
 volume               = {35},
 year                 = {1986},
 }

@article{Wilson95,
 author               = {Wilson, K. R. and Anderson, D. R.},
 journal              = {Environmental and Ecological Statistics},
 owner                = {david},
 pages                = {55-69},
 timestamp            = {2013.06.11},
 title                = {Continuous-time capture-recapture population estimation when capture probabilities vary over time.},
 volume               = {2},
 year                 = {1995},
 }

@article{Xi06,
 author               = {Liqun Xi and Paul S. F. Yip and Ray Watson},
 journal              = {Environmental and Ecological Statistics},
 pages                = {109-124},
 title                = {Estimating population size in a continuous-time removal experiment with a known sub-population size ratio},
 volume               = {13},
 year                 = {2006},
 }

@article{Xi07,
 author               = {Xi, L and Yip, P.S.F. and Watson, R},
 journal              = {Biometrics},
 pages                = {228-236},
 title                = {A Unified Likelihood-Based Approach for Estimating Population Size in Continuous-Time Capture-Recapture Experiments with Frailty.},
 volume               = {63},
 year                 = {2007},
 }

@article{Yip02,
 author               = {Paul S. F. Yip and Yan Wang},
 journal              = {Biometrics},
 month                = {March},
 pages                = {192-199},
 title                = {A unified regression model for recapture studies with random removals in continuous time},
 volume               = {58},
 year                 = {2002},
 }

@article{Yip89,
 author               = {Paul Yip},
 journal              = {Biometrics},
 number               = {2},
 pages                = {471-479},
 title                = {An Inference Procedure for a Capture and Recapture Experiment with Time-Dependent Capture Probabilities},
 volume               = {45},
 year                 = {1989},
 }

@article{Yip91,
 author               = {Paul Yip},
 journal              = {Biometrics},
 month                = {September},
 pages                = {1081-1088},
 title                = {A Martingale Estimating Equation for a Capture-Recapture Experiment in Discrete Time},
 volume               = {47},
 year                 = {1991},
 }

@article{Yip95,
 author               = {Paul S. F. Yip and Richard M. Huggins and D. Y. Lin},
 journal              = {Biometrika},
 month                = {June},
 number               = {2},
 pages                = {477-483},
 title                = {Inference for Capture-Recapture Experiments in Continuous Time with Variable Capture Rates},
 volume               = {83},
 year                 = {1995},
 }

@article{Yip96,
 author               = {Paul S. F. Yip and Richard M. Huggins and D. Y. Lin},
 journal              = {Biometrika},
 month                = {June},
 number               = {2},
 pages                = {477-483},
 title                = {Inference for Capture-Recapture Experiments in Continuous Time with Variable Capture Rates},
 volume               = {83},
 year                 = {1996},
 }

@article{Yip99,
 author               = {Yip, P.S.F. and Zhou, Y. and Lin, D.Y. and Fang, X.},
 journal              = {Biometrics},
 owner                = {david},
 pages                = {904-908},
 timestamp            = {2013.05.30},
 title                = {Estimation of population size based on additive hazards models for continuous-time recapture experimets},
 volume               = {55},
 year                 = {1999},
 }

@article{Zeller12,
 author               = {Zeller, K.A. and McGarigal, K. and Whiteley, A.R.},
 journal              = {Landscape Ecology},
 number               = {6},
 pages                = {777-797},
 title                = {Estimating landscape resistance to movement: a review.},
 volume               = {27},
 year                 = {2012},
 }

@article{Zuur09,
 author               = {Zuur, A F and Ieno, E N and Elphick, C S},
 journal              = {Methods in Ecology and Evolution},
 pages                = {3-14},
 title                = {A protocol for data exploration to avoid common statistical problems},
 volume               = {1},
 year                 = {2010},
 }
